%%%%%%%%%%%%%%%%%%%%%%%%%%%%%%%%%%%%%%%%%%%%
% ARTICLE 
%%%%%%%%%%%%%%%%%%%%%%%%%%%%%%%%%%%%%%%%%%%%
@article{presser2011,
  title={\textbf{Inspiring the Internet of Things: The Internet of Things Comic Book}},
  author={Presser, Mirko and Krco, Srdjan and Kowatsch, Tobias and Maass, Wolfgang and Lange, Sebastian and Carrez, Francois 	and Hunt, Bernard and Egan, Richard and H{\"o}ller, Jan and Bassi, Alessandro and others},
  year={2011},
  publisher={Alexandra Institute}
}

@article{report2013,
  title={\textbf{Vehicle-to-Vehicle Technologies Expected to Offer Safety Benefits, but a Variety of Deployment Challenges Exist}},
  author={David Wise},
  year={2011},
  publisher={United States Government Accountability Office}
}

@article{vehiclesafty,
  title={\textbf{Vehicle Safety Communications}},
  author={Zao Thang},
  year={2012},
  publisher={Ebook Central}
}

@article{historiaiot,
  author = {Rogério Rangel},
  title = {\textbf{Internet das Coisas, nova revolução da conectividade }},
  journal = {Inovação em Pauta},
  year = 2015,
  month = {dez},
  volume = {v. 1},
  number = {18},
  pages = {4-7}
}

@article{santaella2013,
  title={\textbf{Desvelando a internet das coisas}},
  author={Santaella, Lucia and Gala, Adelino and Policarpo, Clayton and Gazoni, Ricardo},
  journal={Revista GEMInIS},
  volume={1},
  number={2 Ano 4},
  pages={19--32},
  year={2013}
}

@article{revistavia,
  title={\textbf{Smart Cities como cidades inteligentes geram cidades sustentáveis}},
  author={Ágatha Depiné},
  journal={VIA Revista},
  volume={1},
  number={1 Ano 1},
  pages={7},
  year={2016}
}

@article{castiel2002,
  title={\textbf{Internet e o autocuidado em sa{\'u}de: como juntar os trapinhos? The Internet and self}},
  author={Castiel, LD and Vasconcellos-Silva, PR},
  journal={Hist{\'o}ria, Ci{\^e}ncias, Sa{\'u}de Manguinhos},
  volume={9},
  number={2},
  pages={291--314},
  year={2002},
  publisher={SciELO Brasil}
}

@article{howard2014,
  title={\textbf{V2V: What are vehicle-to-vehicle communications and how do they work?}},
  author={Howard, Bill},
  journal={Extreme Tech, February},
  volume={6},
  year={2014}
}

@article{wendling2010,
  title={\textbf{Sensores}},
  author={Wendling, Marcelo},
  journal={Universidade Estadual Paulista. S{\~a}o Paulo},
  year={2010}
}



%%%%%%%%%%%%%%%%%%%%%%%%%%%%%%%%%%%%%%%%%%%%
% ONLINE
%%%%%%%%%%%%%%%%%%%%%%%%%%%%%%%%%%%%%%%%%%%%
@online{auroras,
  author = {Leila Mitchell},
  title = {\textbf{ Internet of Things: features and how it works }},
  year = 2015,
  url = {http://www.auroras.eu/internet-of-things-features-and-how-it-works/},
  urldate = {2017-04-21},
  note = {Acesso 21 Abr. 2017}
}

@online{usdot,
  author = {Bryan Thomas},
  title = {\textbf{U.S. DOT Advances Deployment Of Connected Vehicle Technology To Prevent Hundreds Of Thousands Of Crashes}},
  year = 2016,
  url = {https://www.transportation.gov/briefing-room/us-dot-advances-deployment-connected-vehicle-technology-prevent-hundreds-thousands},
  urldate = {2016-12-13},
  note = {Acesso 24 Abr. 2017}
}

@online{smartcities2017,
  author = { Bettina Tratz-Ryan },
  title = {\textbf{Tecnologias de IoT são peças-chave para soluções de cidades inteligentes}},
  year = 2017,
  url = {http://computerworld.com.br/tecnologias-de-iot-sao-pecas-chave-para-solucoes-de-cidades-inteligentes},
  urldate = {2017-04-23},
  note = {Acesso 23 Abr. 2017}
}

@online{convergenciadigital,
  author = {Eduardo Prado},
  title = {\textbf{ A Internet das Coisas Médicas }},
  year = 2016,
  url = {http://convergenciadigital.uol.com.br/cgi/cgilua.exe/sys/start.htm?UserActiveTemplate=site&infoid=43313&post%5Fdata=&sid=15},
  urldate = {2017-04-21},
  note = {Acesso 24 Abr. 2017}
}

@online{tecmundo,
  author = {Igor Napol},
  title = {\textbf{ Carros conectados da Audi mostrarão contagem regressiva em semáforos }},
  year = 2016,
  url = {https://www.tecmundo.com.br/audi/108452-carros-conectados-audi-mostrarao-contagem-regressiva-semaforos.htm?f&utm_source=facebook.com&utm_medium=referral&utm_campaign=imgvideoautp},
  urldate = {2017-04-21},
  note = {Acesso 25 Abr. 2017}
}

@online{grumaniot,
  author = {Galen Gruman},
  title = {\textbf{ IoT é um grande e confuso campo à espera de explodir }},
  year = 2014,
  url = {http://computerworld.com.br/tecnologia/2014/11/25/iot-e-um-grande-e-confuso-campo-a-espera-de-explodir},
  urldate = {2017-04-21},
  note = {Acesso 29 Mai. 2017}
}

@online{alecrimbigdata,
  author = {Emerson Alecrim},
  title = {\textbf{O que é Big Data?}},
  year = 2013,
  url = {https://www.infowester.com/big-data.php},
  urldate = {2017-04-21},
  note = {Acesso 29 Mai. 2017}
}

%%%%%%%%%%%%%%%%%%%%%%%%%%%%%%%%%%%%%%%%%%%%
% MISC
%%%%%%%%%%%%%%%%%%%%%%%%%%%%%%%%%%%%%%%%%%%%

@misc{leite2012cidades,
  title={\textbf{Cidades inteligentes, Cidade Sustentáveis}},
  author={Leite, Carlos},
  year={2012},
  publisher={Porto Alegre, Bookman}
}

@misc{ihs2013,
  title={\textbf{Internet Connected Devices: Evolving from the “Internet of Things” to the “Internet of Everything”}},
  author={Bill Morelli},
  year={2013},
  publisher={SEMI Texas Fall Outlook }
}

%%%%%%%%%%%%%%%%%%%%%%%%%%%%%%%%%%%%%%%%%%%%
% PHDTHESIS
%%%%%%%%%%%%%%%%%%%%%%%%%%%%%%%%%%%%%%%%%%%%

@phdthesis{gonccalomodelo,
  title={Modelo de gest{\~a}o por processo de neg{\'o}cios para automa{\c{c}}{\~a}o de centros integrados de mobilidade urbana.},
  author={Gon{\c{c}}alo, Jos{\'e} Evaldo},
  school={Universidade de S{\~a}o Paulo}
}
